%---------------------------------------------------------
% AAA
%---------------------------------------------------------

@article{velhogomes,
    title={Abstraction Paradigms for Computer Graphics},
    author={Luiz Velho and Jonas Gomes},
    journal={The Visual Computer},
    year=1995
}

@online{webapi,
    title={ASP.NET Web API},
    urlaccessdate={10 ago. 2015},
    url={http://www.asp.net/web-api}
}

@online{webapi,
    title={ASP.NET Web API},
    urlaccessdate={10 ago. 2015},
    url={http://www.asp.net/web-api}
}

@online{mvcgit,
    title={GitHub - ASP.NET MVC},
    urlaccessdate={12 ago. 2015},
    url={http://github.com/aspnet/Mvc}
}

@online{mvc,
    title={ASP.NET MVC},
    urlaccessdate={12 ago. 2015},
    url={http://msdn.microsoft.com/library/Dd381412(v=VS.108).aspx}
}

%---------------------------------------------------------
% BBB
%---------------------------------------------------------

@booklet{bancogeo,
    title={Banco de Dados Geogr\'afico},
    author={M\'arcio Fernando Machry and Rafael Orssatto},
    edition={1},
    year={2005}
}

%---------------------------------------------------------
% CCC
%---------------------------------------------------------

@online{csharp,
    title={C\#},
    urlaccessdate={12 ago. 2015},
    url={http://msdn.microsoft.com/library/kx37x362.aspx}
}

%---------------------------------------------------------
% EEE
%---------------------------------------------------------

@article{spatialjoins,
    title={Efficient Processing of Spatial Joins Using R-Treess},
    author={Thomas Brinkhoff and Hans Kriegel and Bernhard Seeger},
    journal={ACM SIGMOD Conference},
    address={Washington},
    year={1993}
}

@booklet{concar,
    title={Especificaç\~oes T\'ecnicas Para Estruturaç\~ao de Dados Geoespaciais Digitais Vetoriais},
    organization={Comiss\~ao Nacional de Cartografia - CONCAR},
    year={2007}
}

%---------------------------------------------------------
% FFF
%---------------------------------------------------------

@booklet{webgisfuture,
    title={Future of Web Gis: An Interview With Pinde Fu},
    author={Jim Baumann},
    year={2011}
}

%---------------------------------------------------------
% GGG
%---------------------------------------------------------

@online{geojson,
    title={GeoJSON},
    urlaccessdate={10 ago. 2015},
    url={http://geoson.org}
}

%---------------------------------------------------------
% JJJ
%---------------------------------------------------------

@online{json,
    title={JSON},
    urlaccessdate={10 ago. 2015},
    url={http://json.org}
}

@online{javascript,
    title={Javascript},
    urlaccessdate={12 ago. 2015},
    url={http://developer.mozilla.org/pt-BR/docs/Web/JavaScript}
}

@online{introjavascript,
    title={Javascript Introdução},
    urlaccessdate={12 ago. 2015},
    url={http://developer.mozilla.org/pt-BR/docs/Web/JavaScript/A_re-introduction_to_JavaScript}
}

%---------------------------------------------------------
% LLL
%---------------------------------------------------------

@online{luziania,
    title={Luziânia},
    organization={Instituto Brasileiro de Geogr\'afia e Estat\'istica},
    org-short={IBGE},
    urlaccessdate={03 sep. 2015},
    url={http://cidades.ibge.gov.br/xtras/perfil.php?codmun=521250}
}

@online{leaflet,
    title={Leaflet},
    urlaccessdate={12 ago. 2015},
    url={http://leafletjs.org}
}

%---------------------------------------------------------
% MMM
%---------------------------------------------------------

@booklet{zeiler,
    title={Modeling our World the Esri Guide to Geodatabase Design},
    author={Michael Zeiler},
    year={1999}
}

%---------------------------------------------------------
% OOO
%---------------------------------------------------------

@article{stevens,
    title={On The Theory of Scales of Measurement},
    author={Stanley Smith Stevens},
    journal={Science Magazine},
    year={1946}
}

@article{omtg,
    title={OMT-G: An Object-Oriented Data Model for Geographic Applications},
    author={Karla Borges and Clodoveu Davis and Alberto Laender},
    journal={GeoInformatica},
    month={Março},
    year={2011}
}

@online{ogc,
    title={OGC},
    organization={Open Geospatial Consortium},
    org-short={OGC},
    urlaccessdate={05 jul. 2015},
    url={http://www.opengeospatial.org}
}

%---------------------------------------------------------
% PPP
%---------------------------------------------------------

@online{PostGIS,
    title={PostGIS},
    urlaccessdate={05 sep. 2015},
    url={http://postgis.refractions.net}
}

@booklet{inde,
    title={Plano de Aç\~ao para Implantaç\~ao da INDE - Infraestrutura Nacional de Dados Espaciais},
    organization={Comit\^e de Planejamento da Infraestrutura Nacional de Dados Espaciais CINDE},
    address={Rio de Janeiro},
    year={2010}
}

%---------------------------------------------------------
% RRR
%---------------------------------------------------------

@booklet{camara,
    title={Representaç\~ao Computacional de Dados Geogr\'aficos},
    author={Gilberto C\^amara},
    year={2005}
}

@online{restful,
    title={RESTful},
    urlaccessdate={10 ago. 2015},
    url={http://www.restapitutorial.com}
}

@booklet{rest,
    title={Representational State Transfer (REST)},
    author={Roy Fielding},
    year={2000}
}

%---------------------------------------------------------
% SSS
%---------------------------------------------------------

@monography{gisasp,
    title={Sistema de Informaç\~ao Geogr\'afico Web para a An\'alise de Fen\^omenos Sismol\'ogicos},
    author={Eduardo Pires Fernandes and Henrique Pereira Freitas},
    type={Graduação em Computaç\~ao},
    school={Universidade de Bras\'ilia},
    year={2011},
    address={Bras\'ilia}
}

@monography{websisbra,
    title={Websisbra – Sistema Nacional de Registros S\'ismicos},
    author={Helmuth Duarte Saatkamp},
    type={Graduação em Computaç\~ao},
    school={Universidade de Bras\'ilia},
    year={2013},
    address={Bras\'ilia}
}

@book{bancodados,
    title={Sistemas de Banco de Dados},
    author={Ramez Elmasri and Shamkant B. Navathe},
    year={2011},
    edition={6},
    number={4},
    address={S\~ao Paulo},
    publisher={Pearson}
}

@online{siggo,
    title={SIGGO - Sistema de Informaç\~oes Geogr\'aficas de Goi\^ania},
    urlaccessdate={12 ago. 2015},
    url={http://goiania.go.gov.br/shtml/siggo/index.htm}
}

@online{sigbahia,
    title={SIG Bahia - Sistema de Informaç\~ao Geogr\'afica da Bahia},
    urlaccessdate={12 ago. 2015},
    url={http://sig.zee.ba.gov.br/i3geo/interface/openlayerszee.htm}
}

@online{siurg,
    title={SIURG - Sistema Municipal de Informaç\~oes Urbanas},
    urlaccessdate={12 ago. 2015},
    url={http://www.rio.rj.gov.br/web/ipp/siurb}
}

%---------------------------------------------------------
% TTT
%---------------------------------------------------------

@article{queirozferreira,
    title={Tutorial sobre Bancos de Dados Geográficos},
    author={Gilberto Ribeiro Queiroz and Karine Reis Ferreira},
    journal = {GeoBrasil},
    year={2006}
}

%---------------------------------------------------------
% UUU
%---------------------------------------------------------

@mastersthesis{harley,
    title={Uma Arquitetura de Dados Espaciais: Um Estudo dos Dados de Solos e Folhas dos Biomas Brasileiros},
    author={Harley Vera Olivera},
    type={Mestrado em Inform\'atica},
    school={Universidade de Bras\'ilia},
    year=2013,
    address={Bras\'ilia}
}

%---------------------------------------------------------
% WWW
%---------------------------------------------------------

@book{webgis,
    title={Web GIS: Principles and Applications},
    author={Pinde Fun and Jiulin Sun},
    publisher={ESRI Press}
    year={2010}
}